<record><leader>00000cas a2200000 a 4500</leader><controlfield tag="001">31700690</controlfield><controlfield tag="007">hd bfu---baat</controlfield><controlfield tag="007">hd afu---bact</controlfield><controlfield tag="008">941215d1904193unbuwr nea     0    0eng d</controlfield><datafield ind1=" " ind2=" " tag="010"><subfield code="a">sn 94061479 </subfield></datafield><datafield ind1=" " ind2=" " tag="040"><subfield code="a">NVG</subfield><subfield code="b">eng</subfield><subfield code="c">NVG</subfield><subfield code="d">OCL</subfield><subfield code="d">OCLCQ</subfield><subfield code="d">OCLCF</subfield><subfield code="d">OCLCO</subfield></datafield><datafield ind1="1" ind2=" " tag="029"><subfield code="a">AU@</subfield><subfield code="b">000011427751</subfield></datafield><datafield ind1=" " ind2=" " tag="042"><subfield code="a">msc</subfield></datafield><datafield ind1=" " ind2=" " tag="043"><subfield code="a">n-us-nb</subfield></datafield><datafield ind1="0" ind2="0" tag="245"><subfield code="a">Bennington herald</subfield><subfield code="h">[microform].</subfield></datafield><datafield ind1=" " ind2=" " tag="260"><subfield code="a">Bennington, Douglas County, Neb. :</subfield><subfield code="b">Cortes J. Wilcox</subfield></datafield><datafield ind1=" " ind2=" " tag="300"><subfield code="a">v.</subfield></datafield><datafield ind1=" " ind2=" " tag="310"><subfield code="a">Weekly</subfield></datafield><datafield ind1="1" ind2=" " tag="362"><subfield code="a">Began in 1904.</subfield></datafield><datafield ind1=" " ind2=" " tag="515"><subfield code="a">Issues for Dec. 2, 1910-July 22, 1927 called vol. 7, no. [1]-v. 23, no. 34.</subfield></datafield><datafield ind1=" " ind2=" " tag="580"><subfield code="a">Associated newspaper of: Waterloo gazette (Waterloo, Neb.), July 22, 1927-Jan. 5, 1934.</subfield></datafield><datafield ind1=" " ind2=" " tag="580"><subfield code="a">Merged with: Waterloo gazette (Waterloo, Neb.), Millard courier, and: Elkhorn exchange, to form: Douglas County gazette.</subfield></datafield><datafield ind1=" " ind2=" " tag="588"><subfield code="a">Description based on: Vol. 14, no. 5 (Jan. 3, 1908).</subfield></datafield><datafield ind1=" " ind2=" " tag="533"><subfield code="a">Microfilm.</subfield><subfield code="m">Jan. 3,1908-July 22,1927:[Gaps]</subfield><subfield code="b">Lincoln, Neb. :</subfield><subfield code="c">Nebraska State Historical Society.</subfield><subfield code="e">6 microfilm reels ; 35 mm.</subfield></datafield><datafield ind1=" " ind2="0" tag="651"><subfield code="a">Bennington (Neb.)</subfield><subfield code="v">Newspapers.</subfield></datafield><datafield ind1=" " ind2="0" tag="651"><subfield code="a">Douglas County (Neb.)</subfield><subfield code="v">Newspapers.</subfield></datafield><datafield ind1=" " ind2="7" tag="655"><subfield code="a">Newspapers.</subfield><subfield code="2">fast</subfield><subfield code="0">(OCoLC)fst01423814</subfield></datafield><datafield ind1=" " ind2="7" tag="651"><subfield code="a">Nebraska</subfield><subfield code="z">Bennington.</subfield><subfield code="2">fast</subfield><subfield code="0">(OCoLC)fst01275915</subfield></datafield><datafield ind1=" " ind2="7" tag="651"><subfield code="a">Nebraska</subfield><subfield code="z">Douglas County.</subfield><subfield code="2">fast</subfield><subfield code="0">(OCoLC)fst01209539</subfield></datafield><datafield ind1=" " ind2=" " tag="752"><subfield code="a">United States</subfield><subfield code="b">Nebraska</subfield><subfield code="c">Douglas</subfield><subfield code="d">Bennington.</subfield></datafield><datafield ind1="1" ind2="7" tag="785"><subfield code="t">Waterloo gazette (Waterloo, Neb.)</subfield><subfield code="w">(DLC)sn 94061434</subfield></datafield><datafield ind1="1" ind2="7" tag="785"><subfield code="t">Millard courier</subfield><subfield code="w">(DLC)sn 94061478</subfield></datafield><datafield ind1="1" ind2="7" tag="785"><subfield code="t">Elkhorn exchange</subfield><subfield code="w">(DLC)sn 94061477</subfield></datafield><datafield ind1="1" ind2="7" tag="785"><subfield code="t">Douglas County gazette</subfield><subfield code="w">(DLC)sn 94061435</subfield></datafield><datafield ind1="1" ind2=" " tag="787"><subfield code="t">Waterloo gazette (Waterloo, Neb.)</subfield><subfield code="w">(DLC)sn 94061434</subfield></datafield></record>